@article{Cryptocurrency-portfolios,
    author = {Alexander Brauneis, Roland Mestel} ,
    title = {Cryptocurrency-portfolios in a mean-variance framework},
    journal = {Finance Research Letters 28 259â€“264},
    year = {2019}
}